<record><leader>00000cas a22000007a 4500</leader><controlfield tag="001">14259578</controlfield><controlfield tag="008">860924d18871893txuwr ne      0    0eng d</controlfield><datafield ind1=" " ind2=" " tag="010"><subfield code="a">sn 86089226 </subfield></datafield><datafield ind1=" " ind2=" " tag="040"><subfield code="a">PPM</subfield><subfield code="b">eng</subfield><subfield code="c">PPM</subfield><subfield code="d">OCLCQ</subfield></datafield><datafield ind1=" " ind2=" " tag="042"><subfield code="a">msc</subfield></datafield><datafield ind1="0" ind2=" " tag="130"><subfield code="a">Weekly record (Tyler, Tex.: 1887)</subfield></datafield><datafield ind1="1" ind2="4" tag="245"><subfield code="a">The weekly record.</subfield></datafield><datafield ind1="1" ind2="3" tag="246"><subfield code="a">Tyler record</subfield></datafield><datafield ind1=" " ind2=" " tag="260"><subfield code="a">Tyler, Tex. :</subfield><subfield code="b">Bonner &amp; Dilley</subfield></datafield><datafield ind1=" " ind2=" " tag="300"><subfield code="a">v. :</subfield><subfield code="b">ill. ;</subfield><subfield code="c">55 cm.</subfield></datafield><datafield ind1=" " ind2=" " tag="310"><subfield code="a">Weekly</subfield></datafield><datafield ind1="1" ind2=" " tag="362"><subfield code="a">Began in 1887; ceased in 1893?</subfield></datafield><datafield ind1=" " ind2=" " tag="588"><subfield code="a">Description based on: Vol. 2, no. 17 (Mar. 2, 1889).</subfield></datafield><datafield ind1=" " ind2=" " tag="752"><subfield code="a">United States</subfield><subfield code="b">Texas</subfield><subfield code="c">Smith</subfield><subfield code="d">Tyler.</subfield></datafield></record>